<?xml version="1.0" encoding="UTF-8" ?>
<collection xmlns:xsi="http://www.w3.org/2001/XMLSchema-instance"
    xsi:schemaLocation="http://www.loc.gov/MARC21/slim
        http://www.loc.gov/standards/marcxml/schema/MARC21slim.xsd"
    xmlns="http://www.loc.gov/MARC21/slim">
<record>
  <leader>00207cam a2200373 i 4500</leader>
  <controlfield tag="001">b12362451</controlfield>
  <controlfield tag="003">LeBAU</controlfield>
  <controlfield tag="005">20170210</controlfield>
  <controlfield tag="008">970223q1911    ua            ||0 0 ara d</controlfield>
  <datafield tag="035" ind1=" " ind2=" ">
    <subfield code="a">ocn784261042</subfield>
  </datafield>
  <datafield tag="040" ind1=" " ind2=" ">
    <subfield code="a">LEAUB</subfield>
    <subfield code="b">ara</subfield>
    <subfield code="e">rda</subfield>
    <subfield code="c">LEAUB</subfield>
    <subfield code="d">LEAUB</subfield>
  </datafield>
  <datafield tag="082" ind1="0" ind2="4">
    <subfield code="a">297.3</subfield>
    <subfield code="2">22</subfield>
  </datafield>
  <datafield tag="100" ind1="1" ind2=" ">
    <subfield code="6">880-01</subfield>
    <subfield code="a">Ibn Taymīyah, Aḥmad ibn ʻAbd al-Ḥalīm,</subfield>
    <subfield code="d">1263-1328,</subfield>
    <subfield code="e">author.</subfield>
  </datafield>
  <datafield tag="245" ind1="1" ind2="0">
    <subfield code="6">880-02</subfield>
    <subfield code="a">Sharḥ al-ʻaqīdah al-Aṣfahānīyah /</subfield>
    <subfield code="c">ta’līf sl-shaykh al-imām al-‘ālim al-rabbānī imām al-a’immah wa-muftī al-ummah wa-baḥr al-‘ulūm sayyid al-ḥuffāẓ wa-fāris al-ma‘ānī wa-al-alfāẓ wa-farīd al-‘aṣr wa-qarī‘ al-dahr (shaykh al-Islām) barakat al-anām ‘allāmat al-zamān wa-turjumān al-Qur’ān, ‘ilm al-zuhhād wa-awḥad al-‘ubbād qāmi‘ al-mubtadi‘īn wa-ākhir al-mujtahidīn, Taqī al-Dīn Abī al-‘Abbas Aḥmad ibn al-shaykh al-imām al-‘Allāmah Shihāb al-Dīn Abī al-Maḥāsin ‘Abd al-Ḥalīm ibn al-shaykh al-imām al-‘allāmah shaykh al-Islām Majd al-Dīn Abī al-Barakāt ‘Abd al-Salām ibn Abī Muḥammad ‘Abd Allāh ibn Abī al-Qāsim al-Khiḍr ibn Muḥammad ibn al-Khiḍr ibn ‘Ali ibn ‘Abd Allāh ibn Taymīyah al-Ḥarrānī.</subfield>
  </datafield>
  <datafield tag="264" ind1=" " ind2="1">
    <subfield code="6">880-03</subfield>
    <subfield code="a">al-Qāhirah, Miṣr :</subfield>
    <subfield code="b">Maṭbaʻat Kurdistān al-ʻIlmīyah,</subfield>
    <subfield code="c">1329 H., [1911? M.]</subfield>
  </datafield>
  <datafield tag="300" ind1=" " ind2=" ">
    <subfield code="6">880-04</subfield>
    <subfield code="a">152, 4 pages ;</subfield>
    <subfield code="c">28 cm</subfield>
  </datafield>
  <datafield tag="336" ind1=" " ind2=" ">
    <subfield code="a">text</subfield>
    <subfield code="b">txt</subfield>
    <subfield code="2">rdacontent</subfield>
  </datafield>
  <datafield tag="337" ind1=" " ind2=" ">
    <subfield code="a">unmediated</subfield>
    <subfield code="b">n</subfield>
    <subfield code="2">rdamedia</subfield>
  </datafield>
  <datafield tag="338" ind1=" " ind2=" ">
    <subfield code="a">volume</subfield>
    <subfield code="b">nc</subfield>
    <subfield code="2">rdacarrier</subfield>
  </datafield>
  <datafield tag="500" ind1=" " ind2=" ">
    <subfield code="a">"وقد مدح هذا الشرح في الرد الوافر بما لا مزيد عليه وجعله مما فضل به  شيخ الإسلام على سائر الأئمة الأعلام."</subfield>
  </datafield>
  <datafield tag="500" ind1=" " ind2=" ">
    <subfield code="a">"طبع على نسختين عظيمتين الأولى بخط أستاذنا العلامة فخر العراق السيد محمود شكري الآلوسي، والثانية بتصحيح العلامة المفضال الشيخ محمد جمال الدين القاسمي حفظهما الباري، وذلك بمعرفة الفقير إليه تعالى فرج الله زكي الكردي بمطبعته..."</subfield>
  </datafield>
  <datafield tag="600" ind1="1" ind2="4">
    <subfield code="a">الاصفهاني، محمد بن محمد،</subfield>
    <subfield code="d">1219 او 1220-1289.</subfield>
  </datafield>
  <datafield tag="600" ind1="1" ind2="0">
    <subfield code="a">Iṣfahānī, Muḥammad ibn Maḥmūd,</subfield>
    <subfield code="d">1219 or 1220-1289.</subfield>
  </datafield>
  <datafield tag="650" ind1=" " ind2="4">
    <subfield code="a">الاسلام</subfield>
    <subfield code="x">عقائد</subfield>
    <subfield code="v">اعمال قديمة حتى 1800.</subfield>
  </datafield>
  <datafield tag="650" ind1=" " ind2="0">
    <subfield code="a">Islam</subfield>
    <subfield code="x">Doctrines</subfield>
    <subfield code="v">Early works to 1800.</subfield>
  </datafield>
  <datafield tag="852" ind1=" " ind2=" ">
    <subfield code="a">Jafet Library</subfield>
    <subfield code="e">American University of Beirut, Bliss Street , Beirut, Lebanon.</subfield>
  </datafield>
  <datafield tag="880" ind1="1" ind2=" ">
    <subfield code="6">100-01/(3/r</subfield>
    <subfield code="a">ابن تيمية، احمد بن عبد الحليم،</subfield>
    <subfield code="d">1263-1328،</subfield>
    <subfield code="e">مؤلف. </subfield>
    <subfield code="4">aut.</subfield>
  </datafield>
  <datafield tag="880" ind1="1" ind2="0">
    <subfield code="6">245-02/(3/r</subfield>
    <subfield code="a">شرح العقيدة الأصفهانية /</subfield>
    <subfield code="c">تأليف الشيخ الإمام العالم الرباني إمام الأئمة ومفتي الأمة وبحر العلوم سيد الحفاظ وفارس المعاني والألفاظ وفريد العصر وقريع الدهر (شيخ الإسلام) بركة الأنام علامة الزمان وترجمان القرآن، علم الزهاد وأوحد العباد قامع المبتدعين وآخر المجتهدين، تقي الدين أبي العباس أحمد بن الشيخ الإمام العلامة شهاب الدين أبي المحاسن عبد الحليم بن الشيخ الإمام العلامة شيخ الإسلام مجد الدين أبي البركات عبد السلام بن أبي محمد عبد الله بن أبي القاسم الخضر بن محمد بن الخضر بن علي بن عبد الله بن تيمية الحراني.</subfield>
  </datafield>
  <datafield tag="880" ind1=" " ind2="1">
    <subfield code="6">264-03/(3/r</subfield>
    <subfield code="a">القاهرة، مصر :</subfield>
    <subfield code="b">مطبعة كردستان العلمية،</subfield>
    <subfield code="c">1329 هـ.، [1911؟ م.]</subfield>
  </datafield>
  <datafield tag="880" ind1=" " ind2=" ">
    <subfield code="6">300-04/(3/r</subfield>
    <subfield code="a">152، 4 صفحات ؛</subfield>
    <subfield code="c">28 سم</subfield>
  </datafield>
  <datafield tag="907" ind1=" " ind2=" ">
    <subfield code="a">.b12362451</subfield>
    <subfield code="b">17-02-17</subfield>
    <subfield code="c">11-05-24</subfield>
  </datafield>
  <datafield tag="907" ind1=" " ind2=" ">
    <subfield code="a">.b12362451</subfield>
    <subfield code="b">15-10-15</subfield>
    <subfield code="c">11-05-24</subfield>
  </datafield>
  <datafield tag="945" ind1=" " ind2=" ">
    <subfield code="f">J</subfield>
    <subfield code="a">297.3:I13sA:c.1</subfield>
    <subfield code="g">1</subfield>
    <subfield code="i">01007920</subfield>
    <subfield code="j">.i12810617</subfield>
    <subfield code="l">u0503</subfield>
  </datafield>
  <datafield tag="998" ind1=" " ind2=" ">
    <subfield code="a">u05</subfield>
    <subfield code="b">97-02-23</subfield>
    <subfield code="c">m</subfield>
    <subfield code="d">a</subfield>
    <subfield code="e">-</subfield>
    <subfield code="f">ara</subfield>
    <subfield code="g">ua </subfield>
    <subfield code="h">0</subfield>
    <subfield code="i">1</subfield>
  </datafield>
</record>
</collection>
